ISA*00* *00* *08*9251750000 *01*943556183A *190619*1758*U*00401*100000001*0*P*>~
GS*RA*8019721193*943556183A*20190619*1758*1001*X*004010~
ST*820*1001~
BPR*I*19990.78*C*ACH*CTX*01*122000030*DA*1257300851*2943019135**01*066011392*DA*010114102305*20190621*VEN~
TRN*1*8530430336~
DTM*020*20190620~
N1*PR*Safeway*9*0091372090000~
N1*PE*ALBERTS ORGANICS INC*92* 57973~
ENT*1*PR*9*0091372091234~
RMR*IV*L39450*PI*9465.12*9465.12~
REF*PO*917657~
DTM*003*20190509~
ENT*2*PR*9*0091372095678~
RMR*IV*L38189*PI*2772.46*2772.46~
REF*PO*611595~
DTM*003*20190507~
ENT*3*PR*9*0091372093000~
RMR*IV*L38960*PI*7753.2*7753.2~
REF*PO*498109~
DTM*003*20190508~
SE*19*1105~
GE*1*1105~
IEA*1*100000001~
