 IB260F903332040220040220113852260F9                                                                             E      
 140000001            290220300000000000016033-03332014082310059     0306901428            260F940000042               E
 200000001ARON SRL                VIA P. PASTORINO 236R   16162 GENOVA GE         COMM. INGR. VERNICI VCOL              
 300000001LEONCINI SRL                                                03223670104                                       
 400000001VIA SEMINELLA CROCE FIESCHI 5016012BUSALLA                GEBANCA INTESA SANPAOLO                             
 500000001PER LA FATTURA N. 29 DEL 31/01/2020IMP:160,33                                             02482960990         
 5100000010000000001ARON SRL                                                                                            
 700000001                                                                                                              
 140000002            290220300000000000022730-03332014082310059     0631049330            260F940000759               E
 200000002ARON SRL                VIA P. PASTORINO 236R   16162 GENOVA GE         COMM. INGR. VERNICI VCOL              
 300000002MAIA CLAUDIO                                                01219610092                                       
 400000002Vle Vittorio Veneto 12        17014CAIROMONTENOTTE        SVCARISA AG CAIROMONTENOTTE                         
 500000002PER LA FATTURA N. 43 DEL 31/01/2020IMP:227,30                                             02482960990         
 5100000020000000002ARON SRL                                                                                            
 700000002                                                                                                              
 140000003            290220300000000000007576-03332014082310059     0311148480            260F940000853               E
 200000003ARON SRL                VIA P. PASTORINO 236R   16162 GENOVA GE         COMM. INGR. VERNICI VCOL              
 300000003DERTHONA SERRAMENTI SRL                                     01494880063                                       
 400000003VIA VECCHIA FORNACE           15058VIGUZZOLO              ALUBI BANCA                                         
 500000003PER LA FATTURA N. 0 DEL 03/01/2020IMP:75,76                                               02482960990         
 5100000030000000003ARON SRL                                                                                            
 700000003                                                                                                              
 140000004            290220300000000000014150-03332014082310059     0342549350            260F940002102               E
 200000004ARON SRL                VIA P. PASTORINO 236R   16162 GENOVA GE         COMM. INGR. VERNICI VCOL              
 300000004MALLARINI & VERONESE SRL                                    01343910095                                       
 400000004VIA PER CALICE                17024FINALE LIGURE          SVB CREDITO AZZOAGLIO AG CARCARE                    
 500000004PER LA FATTURA N. 50 DEL 31/01/2020IMP:141,50                                             02482960990         
 5100000040000000004ARON SRL                                                                                            
 700000004                                                                                                              
 140000005            290220300000000000017562-03332014082310059     0617532070            260F940002635               E
 200000005ARON SRL                VIA P. PASTORINO 236R   16162 GENOVA GE         COMM. INGR. VERNICI VCOL              
 300000005RISSO MAURO FAL                                             02869570107                                       
 400000005LOCALITA MORASCO 10 B         16026MONTOGGIO              GECARIGE AG MONTOGGIO                               
 500000005PER LA FATTURA N. 58 DEL 31/01/2020IMP:175,62                                             02482960990         
 5100000050000000005ARON SRL                                                                                            
 700000005                                                                                                              
 140000006            290220300000000000044689-03332014082310059     0617549529            260F940002744               E
 200000006ARON SRL                VIA P. PASTORINO 236R   16162 GENOVA GE         COMM. INGR. VERNICI VCOL              
 300000006FAL LA MARGHERITA SAS di M Caso &                           01631850995                                       
 400000006PZZA DELLA VITTORIA 14/16 A   16121GENOVA                 GEBANCA CARIGE S.P.A. - CASSA DI RISPARMIO DI GENOVA
 500000006PER LA FATTURA N. 59 DEL 31/01/2020IMP:446,89                                             02482960990         
 5100000060000000006ARON SRL                                                                                            
 700000006                                                                                                              
 140000007            290220300000000000022106-03332014082310059     0617501430            260F940002889               E
 200000007ARON SRL                VIA P. PASTORINO 236R   16162 GENOVA GE         COMM. INGR. VERNICI VCOL              
 300000007TONITTO 1939 SPA                                            00855590105                                       
 400000007VIA NS LOURDES 5              16152GENOVA                 GECARIGE AG 30 CORNIGLIANO                          
 500000007PER LA FATTURA N. 1119 DEL 23/12/2019IMP:221,06                                           02482960990         
 5100000070000000007ARON SRL                                                                                            
 700000007                                                                                                              
 140000008            290220300000000000027611-03332014082310059     0617501428            260F940002997               E
 200000008ARON SRL                VIA P. PASTORINO 236R   16162 GENOVA GE         COMM. INGR. VERNICI VCOL              
 300000008ERREBI ARREDAMENTI SRL                                      01803330990                                       
 400000008VIA SAN FELICE 36 B 38 NERI   16138GENOVA                 GECARIGE AG 28                                      
 500000008PER LA FATTURA N. 62 DEL 31/01/2020IMP:276,11                                             02482960990         
 5100000080000000008ARON SRL                                                                                            
 700000008                                                                                                              
 140000009            290220300000000000100537-03332014082310059     0306901458            260F940003036               E
 200000009ARON SRL                VIA P. PASTORINO 236R   16162 GENOVA GE         COMM. INGR. VERNICI VCOL              
 300000009ECOCAT ITALIA SRL                                           03323180103                                       
 400000009VIA G COLANO 9A/14D           16162BOLZANETO              GEBANCA INTESA S.P.A.                               
 500000009PER LA FATTURA N. 63 DEL 31/01/2020IMP:1005,37                                            02482960990         
 5100000090000000009ARON SRL                                                                                            
 700000009                                                                                                              
 140000010            290220300000000000055250-03332014082310059     0617501422            260F940003161               E
 200000010ARON SRL                VIA P. PASTORINO 236R   16162 GENOVA GE         COMM. INGR. VERNICI VCOL              
 300000010SERI.VER SCRL                                               01411660994                                       
 400000010VIA DELLE FABBRICHE, 42 R     16158VOLTRI                 GECARIGE AG 22  VOLTRI                              
 500000010PER LA FATTURA N. 65 DEL 31/01/2020IMP:552,50                                             02482960990         
 5100000100000000010ARON SRL                                                                                            
 700000010                                                                                                              
 140000011            290220300000000000012239-03332014082310059     0617531870            260F940003353               E
 200000011ARON SRL                VIA P. PASTORINO 236R   16162 GENOVA GE         COMM. INGR. VERNICI VCOL              
 300000011PONTE FALEGNAMERIA ARTIGIANA di Ponte P & G SNC             01930010994                                       
 400000011VIA PRATOGRANDE 26 A          16012BUSALLA                GECARIGE AG BUSALLA                                 
 500000011PER LA FATTURA N. 67 DEL 31/01/2020IMP:122,39                                             02482960990         
 5100000110000000011ARON SRL                                                                                            
 700000011                                                                                                              
 140000012            290220300000000000034169-03332014082310059     0617501599            260F940004022               E
 200000012ARON SRL                VIA P. PASTORINO 236R   16162 GENOVA GE         COMM. INGR. VERNICI VCOL              
 300000012LISI ARREDAMENTI SRL                                        02023190990                                       
 400000012VIALE B. PARTIGIANE 16        16129GENOVA                 GECARIGE AG 39                                      
 500000012PER LA FATTURA N. 72 DEL 31/01/2020IMP:341,69                                             02482960990         
 5100000120000000012ARON SRL                                                                                            
 700000012                                                                                                              
 140000013            290220300000000000033672-03332014082310059     0311149330            260F940004075               E
 200000013ARON SRL                VIA P. PASTORINO 236R   16162 GENOVA GE         COMM. INGR. VERNICI VCOL              
 300000013CONSTRUCT YACHT SRL                                         01535900094                                       
 400000013VIA PARASIO 36                17019VARAZZE                SVUBI BANCA SPA                                     
 500000013PER LA FATTURA N. 73 DEL 31/01/2020IMP:336,72                                             02482960990         
 5100000130000000013ARON SRL                                                                                            
 700000013                                                                                                              
 140000014            290220300000000000042892-03332014082310059     0306910520            260F940004160               E
 200000014ARON SRL                VIA P. PASTORINO 236R   16162 GENOVA GE         COMM. INGR. VERNICI VCOL              
 300000014FAL F.LLI SAVIOLI ANDREA&DIEGOSNC                           01406130086                                       
 400000014VIA NAZIONALE 241             18100IMPERIA                IMINTESA SANPAOLO SPA                               
 500000014PER LA FATTURA N. 75 DEL 31/01/2020IMP:428,92                                             02482960990         
 5100000140000000014ARON SRL                                                                                            
 700000014                                                                                                              
 140000015            150320300000000000015812-03332014082310059     0311149330            260F940004353               E
 200000015ARON SRL                VIA P. PASTORINO 236R   16162 GENOVA GE         COMM. INGR. VERNICI VCOL              
 300000015CONSTRUCT SHIP WORLD SRL                                    02453380038                                       
 400000015VIA AGNELLI 3  - ZONA IND NIBB28060S.PIETRO MOSEZZO       NOUBI BANCA SPA                                     
 500000015PER LA FATTURA N. 11 DEL 15/01/2020IMP:158,12                                             02482960990         
 5100000150000000015ARON SRL                                                                                            
 700000015                                                                                                              
 140000016            310320300000000000018389-03332014082310059     0306931870            260F940000020               E
 200000016ARON SRL                VIA P. PASTORINO 236R   16162 GENOVA GE         COMM. INGR. VERNICI VCOL              
 300000016FAL.ARTIGIAN.SNC DI CRITELLIG&L                             03421560107                                       
 400000016VIA R.QUARTINI 14             16019RONCO SCRIVIA          GEINTESA SANPAOLO SPA                               
 500000016PER LA FATTURA N. 28 DEL 31/01/2020IMP:183,89                                             02482960990         
 5100000160000000016ARON SRL                                                                                            
 700000016                                                                                                              
 140000017            310320300000000000022518-03332014082310059     0306910400            260F940000105               E
 200000017ARON SRL                VIA P. PASTORINO 236R   16162 GENOVA GE         COMM. INGR. VERNICI VCOL              
 300000017GARLANDO SPA                                                01055180069                                       
 400000017VIA REGIONE PIEMONTE  ZONA IND15068POZZOLO F.             ALINTESA SAN PAOLO AG ALESSANDRIA                   
 500000017PER LA FATTURA N. 30 DEL 31/01/2020IMP:225,18                                             02482960990         
 5100000170000000017ARON SRL                                                                                            
 700000017                                                                                                              
 140000018            310320300000000000083005-03332014082310059     0503432232            260F940000110               E
 200000018ARON SRL                VIA P. PASTORINO 236R   16162 GENOVA GE         COMM. INGR. VERNICI VCOL              
 300000018GHIOTTO LUIGI SNC DI BRUNI D. E ROSSI M.                    00186090999                                       
 400000018VIA N. CAMBIASO 13            16039SESTRI LEVANTE         GEBANCO S GEMINIANO E S PROSPERO                    
 500000018PER LA FATTURA N. 31 DEL 31/01/2020IMP:830,05                                             02482960990         
 5100000180000000018ARON SRL                                                                                            
 700000018                                                                                                              
 140000019            310320300000000000013294-03332014082310059     0320431890            260F940000278               E
 200000019ARON SRL                VIA P. PASTORINO 236R   16162 GENOVA GE         COMM. INGR. VERNICI VCOL              
 300000019PUPPO ENRICO                                                03597390107                                       
 400000019VIA ING. LUIGI BOSCO 8        16013CAMPOLIGURE            GEBANCA DI LEGNANO S.P.A.                           
 500000019PER LA FATTURA N. 35 DEL 31/01/2020IMP:132,94                                             02482960990         
 5100000190000000019ARON SRL                                                                                            
 700000019                                                                                                              
 140000020            310320300000000000078738-03332014082310059     0617532050            260F940000282               E
 200000020ARON SRL                VIA P. PASTORINO 236R   16162 GENOVA GE         COMM. INGR. VERNICI VCOL              
 300000020B.C.D. SNC DI A.BASSO &C                                    00197300999                                       
 400000020VIA CERIALLO 76               16044CICAGNA                GECARIGE AG FERRADA DI M                            
 500000020PER LA FATTURA N. 36 DEL 31/01/2020IMP:787,38                                             02482960990         
 5100000200000000020ARON SRL                                                                                            
 700000020                                                                                                              
 140000021            310320300000000000022518-03332014082310059     0200801439            260F940000325               E
 200000021ARON SRL                VIA P. PASTORINO 236R   16162 GENOVA GE         COMM. INGR. VERNICI VCOL              
 300000021LAV.MET.ART. SNC DI SCARCELLA F. & C.                       02333240105                                       
 400000021VIA S.ELIA 192/1              16153GENOVA                 GEUNICREDIT BANCA SPA                               
 500000021PER LA FATTURA N. 37 DEL 31/01/2020IMP:225,18                                             02482960990         
 5100000210000000021ARON SRL                                                                                            
 700000021                                                                                                              
 140000022            310320300000000000047869-03332014082310059     0617531930            260F940000517               E
 200000022ARON SRL                VIA P. PASTORINO 236R   16162 GENOVA GE         COMM. INGR. VERNICI VCOL              
 300000022NAVONE FABIO FALEGNAMERIA                                   03556500100                                       
 400000022VIA MARCONI                   16010SAVIGNONE              GECARIGE AG CASELLA                                 
 500000022PER LA FATTURA N. 38 DEL 31/01/2020IMP:478,69                                             02482960990         
 5100000220000000022ARON SRL                                                                                            
 700000022                                                                                                              
 140000023            310320300000000000033446-03332014082310059     0200801436            260F940000887               E
 200000023ARON SRL                VIA P. PASTORINO 236R   16162 GENOVA GE         COMM. INGR. VERNICI VCOL              
 300000023CAMPELLO MARCO                                              03296510104                                       
 400000023VIA S.AMBROGIO DI FEGINO 1R   16161GENOVA                 GEUNICREDIT AG RIVAROLO                             
 500000023PER LA FATTURA N. 26 DEL 31/01/2020IMP:334,46                                             02482960990         
 5100000230000000023ARON SRL                                                                                            
 700000023                                                                                                              
 140000024            310320300000000000014104-03332014082310059     0103032170            260F940000959               E
 200000024ARON SRL                VIA P. PASTORINO 236R   16162 GENOVA GE         COMM. INGR. VERNICI VCOL              
 300000024FONTANABUONA MOBILI SRL                                     01007320995                                       
 400000024VIA PIANI D.CAMMINATA 10/12   16044CICAGNA                GEBANCA MONTE DEI PASCHI DI SIENA S.P.A.            
 500000024PER LA FATTURA N. 45 DEL 31/01/2020IMP:141,04                                             02482960990         
 5100000240000000024ARON SRL                                                                                            
 700000024                                                                                                              
 140000025            310320300000000000058977-03332014082310059     0503431960            260F940001308               E
 200000025ARON SRL                VIA P. PASTORINO 236R   16162 GENOVA GE         COMM. INGR. VERNICI VCOL              
 300000025GMC ARR. SAS di G.Meanto Cuneo& C                           01086550991                                       
 400000025VIA CERIALLO 3                16044CICAGNA                GEBANCA POPOLARE DI NOVARA                          
 500000025PER LA FATTURA N. 47 DEL 31/01/2020IMP:589,77                                             02482960990         
 5100000250000000025ARON SRL                                                                                            
 700000025                                                                                                              
 140000026            310320300000000000014884-03332014082310059     0617501423            260F940001615               E
 200000026ARON SRL                VIA P. PASTORINO 236R   16162 GENOVA GE         COMM. INGR. VERNICI VCOL              
 300000026VELCAR SRL                                                  03237030105                                       
 400000026VIA COLANO 36A R              16162BOLZANETO              GECARIGE AG 23                                      
 500000026PER LA FATTURA N. 48 DEL 31/01/2020IMP:148,84                                             02482960990         
 5100000260000000026ARON SRL                                                                                            
 700000026                                                                                                              
 140000027            310320300000000000087116-03332014082310059     0617501430            260F940002889               E
 200000027ARON SRL                VIA P. PASTORINO 236R   16162 GENOVA GE         COMM. INGR. VERNICI VCOL              
 300000027TONITTO 1939 SPA                                            00855590105                                       
 400000027VIA NS LOURDES 5              16152GENOVA                 GECARIGE AG 30 CORNIGLIANO                          
 500000027DOC:0-04/02/202060-31/01/2020IMP:871,16                                                   02482960990         
 5100000270000000027ARON SRL                                                                                            
 700000027                                                                                                              
 140000028            310320300000000000031424-03332014082310059     0690646230            260F940003817               E
 200000028ARON SRL                VIA P. PASTORINO 236R   16162 GENOVA GE         COMM. INGR. VERNICI VCOL              
 300000028FAL. F.LLI PREGLIASCO SNC di Pregliasco D.D.P.              02555840046                                       
 400000028VIA CONTE APPIANI, 10 FRAZ. SC12070CASTELLETTO UZZONE     CNBANCA REGIONALE EUROPEA SPA                       
 500000028PER LA FATTURA N. 69 DEL 31/01/2020IMP:314,24                                             02482960990         
 5100000280000000028ARON SRL                                                                                            
 700000028                                                                                                              
 140000029            310320300000000000010806-03332014082310059     0503401427            260F940003854               E
 200000029ARON SRL                VIA P. PASTORINO 236R   16162 GENOVA GE         COMM. INGR. VERNICI VCOL              
 300000029FERRETTI SRL                                                01838640991                                       
 400000029VIA ARNALDO DA BRESCIA 31     16146GENOVA                 GEBANCA POPOLARE DI NOVARA                          
 500000029PER LA FATTURA N. 70 DEL 31/01/2020IMP:108,06                                             02482960990         
 5100000290000000029ARON SRL                                                                                            
 700000029                                                                                                              
 140000030            310320300000000000040879-03332014082310059     0616070880            260F940004104               E
 200000030ARON SRL                VIA P. PASTORINO 236R   16162 GENOVA GE         COMM. INGR. VERNICI VCOL              
 300000030YACHTLINE ARREDOMARE 1618 SPA                               01298310507                                       
 400000030VIA L FIBONACCI 924           56031BIENTINA               PICASSA DI RISPARMIO DI FIRENZE SPA                 
 500000030PER LA FATTURA N. 74 DEL 31/01/2020IMP:408,79                                             02482960990         
 5100000300000000030ARON SRL                                                                                            
 700000030                                                                                                              
 140000031            310320300000000000027066-03332014082310059     0617501420            260F940004216               E
 200000031ARON SRL                VIA P. PASTORINO 236R   16162 GENOVA GE         COMM. INGR. VERNICI VCOL              
 300000031SPINELLI SRL                                                02716640103                                       
 400000031VIA SCARSELLINI 171           16149GENOVA                 GECARIGE AG 20                                      
 500000031PER LA FATTURA N. 76 DEL 31/01/2020IMP:270,66                                             02482960990         
 5100000310000000031ARON SRL                                                                                            
 700000031                                                                                                              
 140000032            310320300000000000093192-03332014082310059     0200848450            260F940004272               E
 200000032ARON SRL                VIA P. PASTORINO 236R   16162 GENOVA GE         COMM. INGR. VERNICI VCOL              
 300000032FAO ARREDAMENTI SRL                                         02497980066                                       
 400000032VIA LERMA 13                  15060SILVANO D'ORBA         ALUNICREDIT BANCA SPA                               
 500000032PER LA FATTURA N. 77 DEL 31/01/2020IMP:931,92                                             02482960990         
 5100000320000000032ARON SRL                                                                                            
 700000032                                                                                                              
 140000033            310320300000000000123853-03332014082310059     0200801423            260F940004369               E
 200000033ARON SRL                VIA P. PASTORINO 236R   16162 GENOVA GE         COMM. INGR. VERNICI VCOL              
 300000033FALEGNAMERIA VALENTINI di F. Valentini                      02159240999                                       
 400000033C.SO DE STEFANIS 205 R        16139GENOVA                 GEUNICREDIT BANCA SPA                               
 500000033PER LA FATTURA N. 78 DEL 31/01/2020IMP:1238,53                                            02482960990         
 5100000330000000033ARON SRL                                                                                            
 700000033                                                                                                              
 140000034            310320300000000000028455-03332014082310059     0503432050            260F940004486               E
 200000034ARON SRL                VIA P. PASTORINO 236R   16162 GENOVA GE         COMM. INGR. VERNICI VCOL              
 300000034RAFFETTO ANDREA FALdi Raffetto A.                           02507290993                                       
 400000034VIA DANTE 7                   16047MOCONESI               GEBANCO POPOLARE -SOCIETA COOPERATIVA               
 500000034PER LA FATTURA N. 81 DEL 31/01/2020IMP:284,55                                             02482960990         
 5100000340000000034ARON SRL                                                                                            
 700000034                                                                                                              
 140000035            310320300000000000090411-03332014082310059     0503431951            260F940004568               E
 200000035ARON SRL                VIA P. PASTORINO 236R   16162 GENOVA GE         COMM. INGR. VERNICI VCOL              
 300000035ALAMARE SRL                                                 02534670993                                       
 400000035VIA STATALE SANTA MARIA 5 B   16042CARASCO                GEBANCO BPM                                         
 500000035PER LA FATTURA N. 82 DEL 31/01/2020IMP:904,11                                             02482960990         
 5100000350000000035ARON SRL                                                                                            
 700000035                                                                                                              
 140000036            310320300000000000013821-03332014082310059     0617532020            260F940004587               E
 200000036ARON SRL                VIA P. PASTORINO 236R   16162 GENOVA GE         COMM. INGR. VERNICI VCOL              
 300000036LA.ME SNC di Macciò Gianfranco                              00522160100                                       
 400000036VIA TRENTO 4/2                16013CAMPOLIGURE            GECARIGE AG MASONE                                  
 500000036PER LA FATTURA N. 83 DEL 31/01/2020IMP:138,21                                             02482960990         
 5100000360000000036ARON SRL                                                                                            
 700000036                                                                                                              
 140000037            310320300000000000014405-03332014082310059     0200847945            260F940004639               E
 200000037ARON SRL                VIA P. PASTORINO 236R   16162 GENOVA GE         COMM. INGR. VERNICI VCOL              
 300000037MANUTENZIONE E COSTRUZIONI SRL                              02548610993                                       
 400000037VIA XX SETTEMBRE 34/10        16121GENOVA                 GEUNICREDIT BANCA SPA                               
 500000037PER LA FATTURA N. 84 DEL 31/01/2020IMP:144,05                                             02482960990         
 5100000370000000037ARON SRL                                                                                            
 700000037                                                                                                              
 140000038            300420300000000000068970-03332014082310059     0617501430            260F940000574               E
 200000038ARON SRL                VIA P. PASTORINO 236R   16162 GENOVA GE         COMM. INGR. VERNICI VCOL              
 300000038CENGIA SNC DI CENGIA A.R.G.                                 03404580106                                       
 400000038VIA RENATA BIANCHI 77B/3-79   16152GENOVA CAMPI           GECARIGE AG 30 CORNIGLIANO                          
 500000038PER LA FATTURA N. 39 DEL 31/01/2020IMP:689,70                                             02482960990         
 5100000380000000038ARON SRL                                                                                            
 700000038                                                                                                              
 140000039            300420300000000000050478-03332014082310059     0617548451            260F940000680               E
 200000039ARON SRL                VIA P. PASTORINO 236R   16162 GENOVA GE         COMM. INGR. VERNICI VCOL              
 300000039ASTOR SRL                                                   00370840068                                       
 400000039VIA NOVI 80/A - REG.LERCARO   15076OVADA                  ALCARIGE                                            
 500000039PER LA FATTURA N. 41 DEL 31/01/2020IMP:504,78                                             02482960990         
 5100000390000000039ARON SRL                                                                                            
 700000039                                                                                                              
 EF260F903332040220040220113852260F9         00000390000000015556460000000000000000000275                        E      
